<?xml version="1.0" encoding="UTF-8"?><collection xmlns="http://www.loc.gov/MARC21/slim"><record><leader>00502nam--2200181-i-4500</leader><controlfield tag="001">000024464</controlfield><controlfield tag="002">20161230</controlfield><controlfield tag="005">20161230201035</controlfield><controlfield tag="008">060222s1000------------r-----000-0-eng-d</controlfield><datafield ind1=" " ind2=" " tag="040"><subfield code="a">IFIN-HH</subfield></datafield><datafield ind1=" " ind2=" " tag="080"><subfield code="a">537.633.2</subfield></datafield><datafield ind1="1" ind2=" " tag="100"><subfield code="a">Hurd, Colin M</subfield></datafield><datafield ind1="1" ind2="0" tag="245"><subfield code="a">The hall effect in metals and alloys</subfield><subfield code="c">Colin m. hurd</subfield></datafield><datafield ind1=" " ind2=" " tag="260"><subfield code="a">New York</subfield><subfield code="b">Plenum Press</subfield><subfield code="c">1972</subfield></datafield><datafield ind1=" " ind2=" " tag="300"><subfield code="a">XIII + 400 P</subfield></datafield><datafield ind1=" " ind2=" " tag="490"><subfield code="a">The International Cryogenics Monograph Series</subfield></datafield><datafield ind1=" " ind2=" " tag="852"><subfield code="a">77439</subfield><subfield code="c">537:538</subfield></datafield><datafield ind1=" " ind2=" " tag="CAT"><subfield code="a">Sys</subfield><subfield code="c">20110629</subfield><subfield code="h">151029</subfield></datafield></record></collection>